@book{introalgo,
    title={Introduction to Algorithms, 3rd edition},
    author={Thomas H. Cormen and Charles E. Leiserson and Ronald L. Rivest and Clifford Stein},
    year={2009},
    publisher={McGraw Hill},
}